<?xml version="1.0" encoding="UTF-8"?><collection><record><leader>06720ntm a2200613 a 4500</leader><controlfield tag="001">006805672</controlfield><controlfield tag="003">MiAaHDL</controlfield><controlfield tag="005">20190719000000.0</controlfield><controlfield tag="006">m        d        </controlfield><controlfield tag="007">cr bn ---auaua</controlfield><controlfield tag="008">090601q14751476xx            00| ||ara d</controlfield><datafield tag="035" ind1=" " ind2=" "><subfield code="a">(MiU)006805672</subfield></datafield><datafield tag="035" ind1=" " ind2=" "><subfield code="a">sdr-miu006805672</subfield></datafield><datafield tag="040" ind1=" " ind2=" "><subfield code="a">MiU</subfield><subfield code="c">MiU</subfield><subfield code="e">amremm</subfield></datafield><datafield tag="043" ind1=" " ind2=" "><subfield code="a">n-us-mi</subfield></datafield><datafield tag="100" ind1="0" ind2=" "><subfield code="6">880-01</subfield><subfield code="a">Maḥmūd ibn Muḥammad al-Jaghmīnī,</subfield><subfield code="d">-1344.</subfield></datafield><datafield tag="240" ind1="1" ind2="0"><subfield code="6">880-02</subfield><subfield code="a">Qānūnchah</subfield></datafield><datafield tag="245" ind1="1" ind2="0"><subfield code="6">880-03</subfield><subfield code="a">Qānūnchah fī al-ṭibb,</subfield><subfield code="f">[880, i.e. 1475 or 1476].</subfield></datafield><datafield tag="246" ind1="3" ind2=" "><subfield code="i">Title from inscription on 'title page' (p.5):</subfield><subfield code="a">هذا كتاب القانونچه</subfield></datafield><datafield tag="246" ind1="3" ind2=" "><subfield code="i">Edge title (tail):</subfield><subfield code="a">قانونچه</subfield></datafield><datafield tag="260" ind1=" " ind2=" "><subfield code="c">[1475 or 1476].</subfield></datafield><datafield tag="300" ind1=" " ind2=" "><subfield code="a">129 leaves :</subfield><subfield code="b">paper ;</subfield><subfield code="c">130 x 97 (95 x 50) mm.</subfield></datafield><datafield tag="500" ind1=" " ind2=" "><subfield code="a">Shelfmark: Ann Arbor, University of Michigan, Special Collections Library, Isl. Ms. 613</subfield></datafield><datafield tag="500" ind1=" " ind2=" "><subfield code="a">Origin: As appears on p.257, copied by Bakhshī ibn Muṣṭafá al-Khāghalāʼī [?] [بخشى ابن مصطفى الخاغلائى] with transcription completed in 880 [1475 or 6].</subfield></datafield><datafield tag="500" ind1=" " ind2=" "><subfield code="a">Accompanying materials: a. Acquisitions slip from Yahuda. -- Inventory cataloguing slips in hand of Winifred Smeaton Thomas.</subfield></datafield><datafield tag="500" ind1=" " ind2=" "><subfield code="a">Former shelfmark: From inner front cover, "IL 273" (likely supplied by Yahuda, see acquisitions slip).</subfield></datafield><datafield tag="500" ind1=" " ind2=" "><subfield code="a">Binding: Pasteboards covered in brown leather (upper cover) and cream colored textile [linen] (lower cover as well as spine and portion of upper cover to complete attachment of this replacement / repair) ; Type III binding (following repair) ; upper board lining in blue-tinted laid paper ; lower board lining in untinted laid paper ; upper cover bears tooled central motif and accents in annular stamps along with a tooled rule-border ; sewn mainly in heavy cream thread, two stations, also blue thread and four stations ; overall in fair condition with some abrasion, lifting and losses of leather, staining, some spine slant (slightly cocked), etc.</subfield></datafield><datafield tag="500" ind1=" " ind2=" "><subfield code="a">Support: non-European (likely Arab) laid paper of perhaps several types ; mainly with with 10 laid lines per cm. (horizontal) and chain lines (vertical) possibly grouped in threes with 8-10 mm. between chains, sturdy though thin, well-burnished ; opening replacement leaves in European laid paper with traces of three crescents and crown-star-crescent watermarks ; later replacement (leaf carrying pp.17-18) in different European laid paper with "E B" visible.</subfield></datafield><datafield tag="500" ind1=" " ind2=" "><subfield code="a">Decoration: Overlining in red ; some notabilia (side-heads) rubricated.</subfield></datafield><datafield tag="500" ind1=" " ind2=" "><subfield code="a">Script: Nastaʻlīq ; bold, elegant hand ; virtually serifless with very slight effect of words descending to baseline, occasionally more exaggerated, quite rounded with curvilinear descenders, elongation and exaggerated thickness of horizontal strokes ; text of opening replacement folia (pp.6-8) in a different hand, the same as that of the ownership statement for the physician Muṣṭafá ibn ʻAbd al-ʻAzīz on 'title page' (p.5) ; replacement leaf carrying pp.17-18 in still a different hand, though possibly that of one of the later owners.</subfield></datafield><datafield tag="500" ind1=" " ind2=" "><subfield code="a">Layout: Written in 9 lines per page ; frame-ruled.</subfield></datafield><datafield tag="500" ind1=" " ind2=" "><subfield code="a">Collation: II (4), V-4 (6), 11 V(120), V-1 (129) ; chiefly quinions ; replacement folia (pp.6-8 and pp.17-18) ; catchwords present ; pagination in pencil, Western numerals, supplied during digitization (includes flyleaves).</subfield></datafield><datafield tag="500" ind1=" " ind2=" "><subfield code="a">Colophon: "Scribal," rectangular, reads "تمت هذه الرسالة الشريفة على ايدى اضعف العباد وافقرهم واحوج الناس واحقرهم بخشى [؟] ابن مصطفى الخاغلائى [؟] غفر الله له ولوالديه مع جميع من آمن بالله الرؤوف الرحيم تاريخ سنة ٨٨٠"</subfield></datafield><datafield tag="500" ind1=" " ind2=" "><subfield code="a">Explicit: "واما الحلواء فالعسلى معين والعجينى غليظ مولد للسدد "</subfield></datafield><datafield tag="500" ind1=" " ind2=" "><subfield code="a">Incipit: "الحمد لله رب العالمين والصلاة والسلام على رسوله محمد واله اجمعين وبعد فهذا مختصر مشتمل على زبدة ما يجب استحضاره من صناعة الطب انتخبته من كتب الاقدمين ورتبته على عشر مقالات ..."</subfield></datafield><datafield tag="500" ind1=" " ind2=" "><subfield code="a">Title from inscription on front flyleaf (p.3).</subfield></datafield><datafield tag="500" ind1=" " ind2=" "><subfield code="a">Ms. codex.</subfield></datafield><datafield tag="510" ind1="4" ind2=" "><subfield code="a">Ḥājjī Khalīfah, Kashf al-ẓunūn,</subfield><subfield code="c">iv 495, no.9347</subfield></datafield><datafield tag="510" ind1="4" ind2=" "><subfield code="a">Brockelmann, C. GAL,</subfield><subfield code="c">I 457 ; II 213 ; S I 826</subfield></datafield><datafield tag="520" ind1="8" ind2=" "><subfield code="a">Fine copy of al-Jaghmīnī's (d.1344) Qānūnchah, a compendium on medicine and an extract from Ibn Sīnā’s Qānūn. Brockelmann treats this author as distinct from an astronomer of the same name who died in 1221.</subfield></datafield><datafield tag="538" ind1=" " ind2=" "><subfield code="a">Mode of access: Internet.</subfield></datafield><datafield tag="541" ind1=" " ind2=" "><subfield code="a">Acquired in 1926 from the bookseller Isaac Benjamin S.E. Yahuda via purchase transacted on his behalf by Abraham Shalom Yahuda (1877-1951), his younger brother.</subfield></datafield><datafield tag="546" ind1=" " ind2=" "><subfield code="a">Arabic.</subfield></datafield><datafield tag="561" ind1=" " ind2=" "><subfield code="a">Ownership statement dated 1 Jumādá I 1127 [ca. 5 May 1715] partially visible on verso of opening replacement leaf (p.2) in name of one ʻAbd Allāh ... [?] ; on verso of second replacement leaf (p.4) ownership statement dated Ramaḍān 1231 [July-August 1816] in name of Muḥammad ibn al-Ḥājj Muḥammad Ṣābūnī [?] (محمد ابن الحاج محمد صابوني [؟]) and partially effaced ownership statement dated 1285 [1868] in Ḥalab (Aleppo) in name of one ... al-Mārūnī ( الماروني ) ; on 'title page' (p.5), ownership statement in name of al-Shaykh Muṣṭafá ibn ʻAbd al-ʻAzīz, who along with his father was a physician (طبيب) in Ḥalab and who likely supplied the text of the opening replacement leaves (pp.6-8), and an ownership statement in name of Muḥammad al-Khalāṣī (محمد الخلاصي) and of his son Muṣṭafá (الحاج مصطفى الخلاصي) ; occasional marginal corrections, glosses and notabilia (side-heads).</subfield></datafield><datafield tag="650" ind1=" " ind2="0"><subfield code="a">Manuscripts, Arabic</subfield><subfield code="z">Michigan</subfield><subfield code="z">Ann Arbor.</subfield></datafield><datafield tag="650" ind1=" " ind2="0"><subfield code="a">Medicine, Arab.</subfield></datafield><datafield tag="700" ind1="1" ind2=" "><subfield code="6">880-05</subfield><subfield code="a">Ṣābūnī, Muḥammad ibn Muḥammad,</subfield><subfield code="d">fl. 1816,</subfield><subfield code="e">former owner.</subfield></datafield><datafield tag="700" ind1="0" ind2=" "><subfield code="6">880-04</subfield><subfield code="a">Bakhshī ibn Muṣṭafā al-Khāghalāʼī,</subfield><subfield code="d">fl. 1475,</subfield><subfield code="e">scribe.</subfield></datafield><datafield tag="773" ind1="0" ind2=" "><subfield code="a">Yahuda Collection.</subfield></datafield><datafield tag="880" ind1="1" ind2=" "><subfield code="6">700-05/</subfield><subfield code="a">صابوني، محمد بن محمد،</subfield><subfield code="e">مالك سابق.</subfield></datafield><datafield tag="880" ind1="0" ind2=" "><subfield code="6">700-04/</subfield><subfield code="a">بخشى بن مصطفى الخاغلائى،</subfield><subfield code="e">ناسخ.</subfield></datafield><datafield tag="880" ind1="1" ind2="0"><subfield code="6">245-03/</subfield><subfield code="a">قانونچه في الطب,</subfield><subfield code="f">[880ه، 1475 أو 1476م].</subfield></datafield><datafield tag="880" ind1="1" ind2="0"><subfield code="6">240-02/</subfield><subfield code="a">قانونچه</subfield></datafield><datafield tag="880" ind1="0" ind2=" "><subfield code="6">100-01/</subfield><subfield code="a">جمحمود بن محمد الجغميني.</subfield></datafield><datafield tag="CID" ind1=" " ind2=" "><subfield code="a">006805672</subfield></datafield><datafield tag="DAT" ind1="0" ind2=" "><subfield code="a">20190719102637.0</subfield><subfield code="b">20190719000000.0</subfield></datafield><datafield tag="DAT" ind1="1" ind2=" "><subfield code="a">20190719090653.0</subfield><subfield code="b">2019-07-19T16:11:58Z</subfield></datafield><datafield tag="DAT" ind1="2" ind2=" "><subfield code="a">2015-10-02T18:00:03Z</subfield></datafield><datafield tag="CAT" ind1=" " ind2=" "><subfield code="a">SDR-MIU</subfield><subfield code="d">EX LIBRIS - ALEPH</subfield><subfield code="l">prepare.pl-004-008</subfield></datafield><datafield tag="FMT" ind1=" " ind2=" "><subfield code="a">BK</subfield></datafield><datafield tag="HOL" ind1=" " ind2=" "><subfield code="0">sdr-miu006805672</subfield><subfield code="a">MiU</subfield><subfield code="b">SDR</subfield><subfield code="c">MIU</subfield><subfield code="p">mdp.39015079127489</subfield><subfield code="s">MIU</subfield><subfield code="1">006805672</subfield></datafield><datafield tag="974" ind1=" " ind2=" "><subfield code="b">MIU</subfield><subfield code="c">MIU</subfield><subfield code="d">20190719</subfield><subfield code="s">lit-dlps-dc</subfield><subfield code="u">mdp.39015079127489</subfield><subfield code="y">1476</subfield><subfield code="r">pd</subfield><subfield code="q">bib</subfield><subfield code="t">non-US bib date2 &lt; 1896</subfield></datafield></record></collection>